%% LaTeX2e file `ref.bib'
%% generated by the `filecontents' environment
%% from source `PTL-26991-2013' on 2013/10/04.
%%
@article{OFDM-GbE-UWB,
title={{Experimental study of coexistence of multi-band OFDM-UWB and OFDM-baseband signals in long-reach PONs using directly modulated lasers}},
author={J. Morgado and D. Fonseca and A. Cartaxo},
journal={Opt. Express},
year={2011},
month={Nov.},
volume={19},
number={23},
pages={23601--23612},
}

@BOOK{kaminow,
 author = {I. Kaminow and T. Li},
 title = {{Optical fiber telecommunications IV (A. Components)}},
 year = {2002},
 publisher = {Academic Press/Elsevier},
 address = {San Diego, EUA}
 }

@article{OFDM:promising,
title={{Wavelength-offset filtering in optical OFDM IMDD systems using directly modulated DFB lasers}},
author={J. L. Wei and C. SÃ¡nchez and E. Hugues-Salas and P. S. Spencer and J. M. Tang},
journal={J. of Lightwave Technology},
year={2011},
month={Sep.},
volume={29},
number={18},
pages={2861--2870},
}

@article{evaOFDM,
  title={{Analytical formulation of directly modulated OOFDM signals transmitted over an IM/DD dispersive link}},
  author={S{\'a}nchez, C and Ortega, B and Wei, JL and Tang, J and Capmany, J},
  journal={Opt. Express},
  volume={21},
  number={6},
  pages={7651--7666},
  year={2013},
  publisher={OSA}
}

@article{OFDM-IMDD,
  title={{Experimental demonstration of a record high 11.25 Gb/s real-time optical OFDM transceiver supporting 25km SMF end-to-end transmission in simple IMDD systems}},
  author={Giddings, RP and Jin, XQ and Hugues-Salas, E and Giacoumidis, E and Wei, JL and Tang, JM},
  journal={Opt. Express},
  volume={18},
  number={6},
  pages={5541--5555},
  year={2010},
  publisher={OSA}
}

@article{eva,
title={{Large-signal theory of the effect of dispersive propagation on the intensity modulation response of semiconductor lasers}},
author={E. Peral and A. Yariv},
journal={J. of Lightwave Technology},
year={2000},
month={Jan.},
volume={18},
number={1},
pages={84--89},
}

@article{comments,
title={{Comments on `Large-signal theory of the effect of dispersive propagation on the intensity modulation response of semiconductor lasers'}},
author={J. P. K. Perin and M. R. N. Ribeiro and A. V. T. Cartaxo},
journal={J. of Lightwave Technology},
year={2013},
month={April},
volume={31},
number={8},
pages={1337--1339},
}

@ARTICLE{corvini,
author={P. J. Corvini and T. L. Koch},
journal={J. of Lightwave Technology},
title={{Computer simulation of high-bit-rate optical fiber transmission using single-frequency lasers}},
year={1987},
volume={5},
number={11},
pages={1591--1595},
}

@ARTICLE{smallsignal1,
author={B. Wedding},
journal={Electronics Letters},
title={{Analysis of fibre transfer function and determination of receiver frequency response for dispersion supported transmission}},
year={1994},
volume={30},
number={1},
pages={58--59},
}

@ARTICLE{smallsignal2,
author={A. R. Charaplyvy and R. W. Tkach and L. L. Buhl and R. C. Alferness},
journal={Electronics Letters},
title={{Phase modulation to amplitude modulation conversion of CW laser light in optical fibres}},
year={1986},
volume={22},
number={8},
pages={409--411},
}

@ARTICLE{equalization,
author = {C. C. Wei},
journal = {Opt. Express},
publisher = {OSA},
title={{Analysis and iterative equalization of transient and adiabatic chirp effects in DML-based OFDM transmission systems}},
number = {23},
year={2012},
volume={20},
pages={25774--25789},
}

@ARTICLE{dsppon,
author={Yoshimoto, N. and Kani, J. and Sang-Yuep Kim and Liyama, N. and Terada, J.},
journal={IEEE Communications Magazine},
title={{DSP-based optical access approaches for enhancing NG-PON2 systems}},
year={2013},
volume={51},
number={3},
pages={58-64},
}
