% ------------------------------------------------------------------------
% \'Ultima atualiza\c{c}\~ao em 14/05/2009
% ------------------------------------------------------------------------


% ------------------------------------------------------------------------
%    ARTIGOS REVISTAS/JORNAIS
% ------------------------------------------------------------------------

@article{OFDM-GbE-UWB,
title={{Experimental study of coexistence of multi-band OFDM-UWB and OFDM-baseband signals in long-reach PONs using directly modulated lasers}},
author={J. A. P. Morgado and D. Fonseca and A. V. T. Cartaxo},
journal={Optic letters},
year={2011},
month={November},
volume={19},
number={23},
pages={23601--23612},
}

@article{OFDM:promising,
title={{Wavelength-Offset Filtering in Optical OFDM IMDD Systems Using Directly Modulated DFB Lasers}},
author={J. L. Wei and C. SÃ¡nchez and E. Hugues-Salas and P. S. Spencer and J. M. Tang},
journal={J. Lightwave Technology},
year={2011},
month={September},
volume={29},
number={18},
pages={2861--2870},
}

@article{OFDM-IMDD,
  title={Experimental demonstration of a record high 11.25 Gb/s real-time optical OFDM transceiver supporting 25km SMF end-to-end transmission in simple IMDD systems},
  author={Giddings, RP and Jin, XQ and Hugues-Salas, E and Giacoumidis, E and Wei, JL and Tang, JM},
  journal={Optics Express},
  volume={18},
  number={6},
  pages={5541--5555},
  year={2010},
  publisher={Optical Society of America}
}

@inproceedings{OFDM-UWB,
  title={Pre-emphasis performance improvement of OFDM-UWB signals transmitted over FTTH networks using directly modulated lasers},
  author={Morgado, Jos{\'e} AP and Fonseca, Daniel and Alves, Tiago and Cartaxo, Adolfo VT},
  booktitle={Photonics Global Conference (PGC), 2010},
  pages={1--5},
  year={2010},
  organization={IEEE}
}

@article{OFDM-128QAM,
title={{Real-time Demonstration of 128-QAM-Encoded Optical OFDM Transmission With a 5.25bit/s/Hz Spectral Efficiency in Simple IMDD Systems Utilizing Directly Modulated DFB Lasers}},
author={X. Q. Jin and R. P. Giddings and E. Hugues-Salas and J. M. Tang},
journal={Optics Express},
year={2009},
month={Outubro},
volume={17},
number={22},
pages={20484--20493},
}

@ARTICLE{OFDM-DML10Gbs, 
author={Mohrdiek, S. and Burkhard, H. and Steinhagen, F. and Hillmer, H. and Losch, R. and Schlapp, W. and Gobel, R.}, 
journal={Photonics Technology Letters, IEEE}, 
title={{10-Gb/s standard fiber transmission using directly modulated 1550 nm quantum-well DFB lasers}}, 
year={1995}, 
volume={7}, 
number={11}, 
pages={1357--1359}, 
}

@ARTICLE{GbE-UWB-LRPON, 
author={J. A. P. Morgado and D. Fonseca and A. V. T. Cartaxo}, 
journal={Optical Express}, 
title={{Experimental study of coexistence of multi-band OFDM-UWB and OFDM-baseband signals in long-reach PONs using directly modulated lasers}}, 
year={2011}, 
volume={19}, 
number={23},
}

@article{laserparam,
author={I. Tomkos and I. Roudas and R. Hesse and N. Antoniades and A. Boskovic and R. Vodhanel},
title={Extraction of laser rate equations parameters for representative simulations of metropolitan-area transmission systems and networks},
journal={Optics Communications},
volume={194},
pages={109--129},
year={2001},
}

@article{eva,
title={{Large-Signal Theory of the Effect of Dispersive Propagation on the Intensity Modulation Response of Semiconductor Lasers}},
author={E. Peral and A. Yariv},
journal={IEEE Journal of Lightwave Technology},
year={2000},
month={Janeiro},
volume={18},
number={1},
pages={84--89},
}

@article{comments,
title={{Comments on `Large-Signal Theory of the Effect of Dispersive Propagation on the Intensity Modulation Response of Semiconductor Lasers'}},
author={J. P. K. Perin and M. R. N. Ribeiro and A. V. T. Cartaxo},
journal={IEEE Journal of Lightwave Technology},
year={2013},
month={Abril},
volume={31},
number={8},
pages={1337--1339},
}

@ARTICLE{oofdm_paper, 
author={J. Armstrong}, 
journal={Journal of Lightwave Technology},
title={{OFDM for Optical Communications}}, 
year={2009}, 
volume={27}, 
number={3}, 
pages={189--204},
}

@article{chirp-curves,
author={P. Krehlik}, 
journal={Opto-Electron.}, 
title={{Characterization of semiconductor laser frequency chirp based on signal distortion in dispersive optical fiber}}, 
year={2006}, 
volume={14}, 
pages={123--128}, 
}

@ARTICLE{corvini, 
author={P. J. Corvini and T. L. Koch}, 
journal={Lightwave Technology, Journal of}, 
title={Computer simulation of high-bit-rate optical fiber transmission using single-frequency lasers}, 
year={1987}, 
volume={5}, 
number={11}, 
pages={1591--1595}, 
}

@ARTICLE{smallsignal1, 
author={B. Wedding}, 
journal={Electronics Letters}, 
title={{Analysis of fibre transfer function and determination of receiver frequency response for dispersion supported transmission}}, 
year={1994}, 
volume={30}, 
number={1}, 
pages={58--59}, 
}

@ARTICLE{smallsignal2, 
author={A. R. Charaplyvy and R. W. Tkach and L. L. Buhl and R. C. Alferness}, 
journal={Electronics Letters}, 
title={{Phase modulation to amplitude modulation conversion of CW laser light in optical fibres}}, 
year={1986}, 
volume={22}, 
number={8}, 
pages={409--411}, 
}

@ARTICLE{lowdispersion, 
author={J. WANG}, 
journal={Electronics Letters}, 
title={{Large signal analysis of FM-AM conversion in dispersive optical fibres and its application to PCM systems}}, 
year={1991}, 
volume={27}, 
number={25}, 
pages={2347-2348}, 
}

@ARTICLE{equalization, 
author={J. Wang}, 
journal={Opt. Express}, 
title={{Analysis and iterative equalization of transient and adiabatic chirp effects in DML-based OFDM transmission systems}}, 
year={2012}, 
volume={20}, 
number={23}, 
pages={25774--25789}, 
}

@ARTICLE{lrpon, 
author={H.  Song and B. Kim and  B.  Mukherjee}, 
journal={IEEE Commun. Surveys}, 
title={{Long-reach optical  access  networks: a survey of research  challenges}}, 
year={2010}, 
volume={12}, 
number={I}, 
pages={112--123}, 
}

@BOOK{kaminow,
 author = {I. Kaminow and T. Li},
 title = {{Optical fiber telecommunications IVA -- Components}},
 year = {2002},
 publisher = {Academic Press},
 address = {San Diego, EUA}
 }

@BOOK{bessel,
 author = {G. N. Watson},
 title = {A Treatise on the Theory of Bessel Functions},
 year = {2008},
 publisher = {Cambridge University Press},
 address = {Cambridge, UK}
 }

@BOOK{oofdm_book,
 author = {W. Shieh and I. Djordjevic},
 title = {OFDM for Optical Communications},
 year = {2009},
 publisher = {Academic Press},
 }

@BOOK{arfken,
 author = {G. Arfken},
 title = {Mathematical Methods for Physicists},
 year = {2008},
 publisher = {Academic Press},
 address = {Orlando}
 }

@BOOK{agrawal,
  author={G. P. Agrawal},
  title={Fiber-Optic Communication Systems},
  publisher={Wiley-Interscience},
  address={},
  edition={3},
  year ={2002},
}

@BOOK{agrawalnl,
  author={G. P. Agrawal},
  title={Nonlinear Fiber Optics},
  publisher={Academic Press},
  address={},
  edition={4},
  year ={2006},
}

@BOOK{random-walk,
  author={W. H. McCrea and F. J. W. Whipple},
  title={Random Paths in Two and Three Dimensions.},
  publisher={Proc. Roy. Soc. Edinburgh},
  address={Edinburgh},
	year ={1940},
}

@BOOK{uwb,
  title={High Rate Ultra Widehand PHY and MAC Standard},
  publisher={European Computer Manufacturers  Association  International  Std},
  address={ECMA-368},
	year ={2007},
}

@INPROCEEDINGS{OFDM-PON, 
author={Ming-Fang Huang and Jianjun Yu and Dayou Qian and Cvijetic, N. and Gee-Kung Chang}, 
booktitle={{Optical Fiber Communication - incudes post deadline papers, 2009. OFC 2009. Conference on}}, 
title={{Lightwave centralized WDM-OFDM-PON network employing cost-effective directly modulated laser}}, 
year={2009}, 
pages={1--3}, 
}

@INPROCEEDINGS{gbeofdm, 
author={Morgado, J. A P and Fonseca, D. and Cartaxo, A. V T}, 
booktitle={Microwave Photonics, 2011 International Topical Meeting on Microwave Photonics Conference, 2011 Asia-Pacific, MWP/APMP}, title={Influence of spectrum location of Gigabit-Ethernet in coexistence with multi-band OFDM-UWB wireless signals on the long-reach PON performance using directly modulated lasers}, 
year={2011}, 
pages={250-253}, 
}
